%% This BibTeX bibliography file was created using BibDesk.
%% http://bibdesk.sourceforge.net/


%% Saved with string encoding Unicode (UTF-8) 

@article{Liao2016,
author = {Liao, Soohyun Nam and Zingaro, Daniel and Laurenzano, Michael A. and Griswold, William G. and Porter, Leo},
doi = {10.1145/2960310.2960315},
journal = {ACM Conference on International Computing Education Research},
keywords = {clickers,cs1,peer instruction,prediction},
mendeley-groups = {Trabalho de MTC},
pages = {123--131},
title = {{Lightweight, Early Identification of At-Risk CS1 Students}},
url = {http://dl.acm.org/citation.cfm?doid=2960310.2960315},
year = {2016}
}

@article{Danielsiek2016,
author = {Danielsiek, Holger},
doi = {10.1145/2839509.2844591},
journal = {47th ACM Technical Symposium on Computer Science Education},
keywords = {2,concept inventory,cs1,success factors},
mendeley-groups = {Trabalho de MTC},
pages = {12--17},
title = {{Stay on These Roads : Potential Factors Indicating Students ' Performance in a CS2 Course}},
year = {2016}
}

@article{Quille2018,
author = {Quille, Keith and Bergin, Susan},
doi = {10.1145/3197091.3197101},
journal = {23rd Annual ACM Conference on Innovation and Technology in Computer Science Education - ITiCSE 2018},
keywords = {2018,acm reference format,bergin,computer science education,cs1,keith quille and susan,predicting student,programming,success},
mendeley-groups = {Trabalho de MTC},
pages = {15--20},
title = {{Programming: predicting student success early in CS1. a re-validation and replication study}},
year = {2018}
}

@article{Lambert2015,
author = {Lambert, Lynn},
journal = {J. Comput. Sci. Coll.},
mendeley-groups = {Trabalho de MTC},
number = {2},
pages = {165--171},
title = {{Factors That Predict Success in CS1}},
url = {http://dl.acm.org/citation.cfm?id=2831432.2831458},
volume = {31},
year = {2015}
}

@article{Porter2014,
author = {Porter, Leo and Zingaro, Daniel},
journal = {45th ACM technical symposium on Computer science education - '14},
keywords = {assessment,cs1,programming},
mendeley-groups = {Trabalho de MTC},
pages = {295--300},
title = {{Importance of early performance in CS1}},
url = {http://dl.acm.org/citation.cfm?doid=2538862.2538912},
year = {2014}
}

@article{Lishinski2016,
author = {Lishinski, Alex and Yadav, Aman and Enbody, Richard and Good, Jon},
journal = {47th ACM Technical Symposium on Computing Science Education  - '16},
keywords = {assessment,cs1,problem solving},
mendeley-groups = {Trabalho de MTC},
pages = {329--334},
pmid = {12612373},
title = {{The Influence of Problem Solving Abilities on Students' Performance on Different Assessment Tasks in CS1}},
url = {http://dl.acm.org/citation.cfm?doid=2839509.2844596},
year = {2016}
}

@article{Estey2017,
author = {Estey, Anthony and Keuning, Hieke and Coady, Yvonne},
journal = {ACM Technical Symposium on Computer Science Education},
keywords = {automated classification techniques,cs1,dictors of success,educational data mining,pre-,programming behaviour},
mendeley-groups = {Trabalho de MTC},
pages = {189--194},
title = {{Automatically Classifying Students in Need of Support by Detecting Changes in Programming Behaviour}},
url = {http://dl.acm.org/citation.cfm?doid=3017680.3017790},
year = {2017}
}

@article{Watson2014,
author = {Watson, Christopher and Li, Frederick W.B. and Godwin, Jamie L},
journal = {45th ACM technical symposium on Computer science education},
keywords = {cs1,error quotient,learning,learning styles,prediction,predictors of success,programming behavior,strategies,watwin},
mendeley-groups = {Trabalho de MTC},
pages = {469--474},
title = {{No Tests Required: Comparing Traditional and Dynamic Predictors of Programming Success}},
year = {2014}
}

@article{Ahadi2016,
author = {Ahadi, Alireza and Lister, Raymond and Vihavainen, Arto},
journal = {ACM Conference on Innovation and Technology in Computer Science Education},
keywords = {educational data mining,learning analytics,programming},
mendeley-groups = {Trabalho de MTC},
pages = {218--223},
title = {{On the Number of Attempts Students Made on Some Online Programming Exercises During Semester and their Subsequent Performance on Final Exam Questions}},
url = {http://dl.acm.org/citation.cfm?doid=2899415.2899452},
year = {2016}
}

@article{Ahadi2016a,
author = {Ahadi, Alireza},
keywords = {machine,novice programmers,source code snapshot analysis},
mendeley-groups = {Trabalho de MTC},
pages = {263--264},
title = {{Early Identification of Novice Programmers ' Challenges in}},
year = {2016}
}

@article{Haden2017,
author = {Haden, Patricia and Parsons, Dale and Wood, Krissi and Gasson, Joy},
doi = {10.1145/3141880.3141881},
isbn = {978-1-4503-5301-4},
journal = {17th Koli Calling Conference on Computing Education Research},
keywords = {data collection,programming education,student affect},
mendeley-groups = {Trabalho de MTC},
pages = {40--49},
title = {{Student Affect in {\{}CS1{\}}: Insights from an Easy Data Collection Tool}},
year = {2017}
}

@article{Castro-Wunsch2017,
author = {Castro-Wunsch, Karo and Ahadi, Alireza and Petersen, Andrew},
doi = {10.1145/3017680.3017792},
isbn = {9781450346986},
journal = {ACM Technical Symposium on Computer Science Education},
keywords = {analytics,at-risk students,code snapshot analysis,cs1,educational data mining,introductory programming,learning,replication,reproduction,source},
mendeley-groups = {Trabalho de MTC},
pages = {111--116},
pmid = {21646520},
title = {{Evaluating Neural Networks as a Method for Identifying Students in Need of Assistance}},
url = {http://dl.acm.org/citation.cfm?doid=3017680.3017792},
year = {2017}
}

@article{SilvaFilho2007,
    author = {Roberto L. Lobo e Silva Filho and Paulo Roberto Motejunas and Oscar Hipólito and Maria Beatriz de C. M. Lobo},
    pages = {641-659},
    title = {A EVAS\~AO NO ENSINO SUPERIOR BRASILEIRO},
    url = {http://www.scielo.br/pdf/cp/v37n132/a0737132},
    year = {2007}
}

@article{Luisa2014,
    author = {Luísa Behrens Palmeira and Matheus Pereira Santos},
    title = {Evasão no Bacharelado em Ciência da Computação da Universidade de Brasilia: Análise e Mineiração de Dados},
    url = {http://bdm.unb.br/bitstream/10483/10142/1/2014_LuisaBehrensPalmeira_MatheusParreirasSantos.pdf},
    year = {2014}
}

%(INEP) Instituto Nacional de Estudo e Pesquisas - 

@article{Inep2017,
    author = {Instituto Nacional Estudo Pesquisas BRASIL},
    title = {Sinopse Estatística do Censo da Educação Superior 2017},
    url = {http://portal.inep.gov.br/basica-censo-escolar-sinopse-sinopse},
    urlaccessdate={22 nov. 2018},
    publisher = {Brasília: Inep},
    year = {2018}
}

@article{DeBrito2014,
annote = {Incluso;
WEKA},
author = {{De Brito}, Daniel Miranda and J{\'{u}}nior, Iron Ara{\'{u}}jo de Almeida and Queiroga, Eduardo Vieira and {Do R{\^{e}}go}, Tha{\'{i}}s Gaudencio},
doi = {10.5753/cbie.sbie.2014.882},
file = {:C$\backslash$:/Users/lucas/AppData/Local/Mendeley Ltd./Mendeley Desktop/Downloaded/De Brito et al. - 2014 - Predi{\c{c}}{\~{a}}o de desempenho de alunos do primeiro per{\'{i}}odo baseado nas notas de ingresso utilizando m{\'{e}}todos de aprend.pdf:pdf},
issn = {2316-6533},
mendeley-groups = {Em portugu{\^{e}}s},
number = {Cbie},
pages = {882},
title = {{Predi{\c{c}}{\~{a}}o de desempenho de alunos do primeiro per{\'{i}}odo baseado nas notas de ingresso utilizando m{\'{e}}todos de aprendizagem de m{\'{a}}quina}},
url = {http://br-ie.org/pub/index.php/sbie/article/view/3024},
year = {2014}
}

@article{Gotardo2013,
author = {Gotardo, Reginaldo and Cereda, Paulo Roberto Massa and {Hruschka Junior}, Estevam Rafael},
doi = {10.5753/CBIE.SBIE.2013.657},
isbn = {ISBN},
issn = {2316-6533},
mendeley-groups = {Em portugu{\^{e}}s},
number = {Cbie},
pages = {657--666},
title = {{Predi{\c{c}}{\~{a}}o do Desempenho do Aluno usando Sistemas de Recomenda{\c{c}}{\~{a}}o e Acoplamento de Classificadores}},
url = {http://www.br-ie.org/pub/index.php/sbie/article/view/2544},
year = {2013}
}

@article{Thomas2010,
author = {Thomas, H.},
journal = {plain Views},
keywords = {dropout students,moodle,non-completers students,successful students},
mendeley-groups = {Em portugu{\^{e}}s},
pages = {5--8},
title = {{Creating and using a spiritual wellness assessment at a rehabilitation facility}},
volume = {16},
year = {2010}
}


@article{Amorim2008,
author = {Amorim, Maur{\'{i}}cio J. V. and Barone, Dante and Mansur, Andr{\'{e}} Uebe},
doi = {10.5753/CBIE.SBIE.2008.666-674},
isbn = {2316-6533},
issn = {2316-6533},
journal = {Brazilian Symposium on Computers in Education (Simp{\'{o}}sio Brasileiro de Inform{\'{a}}tica na Educa{\c{c}}{\~{a}}o - SBIE)},
mendeley-groups = {Em portugu{\^{e}}s},
number = {1},
pages = {666--674},
title = {{T{\'{e}}cnicas de Aprendizado de M{\'{a}}quina Aplicadas na Previs{\~{a}}o de Evas{\~{a}}o Acad{\^{e}}mica}},
url = {http://www.br-ie.org/pub/index.php/sbie/article/view/755},
volume = {1},
year = {2008}
}

@article{Detoni2014,
author = {Detoni, Douglas and Araujo, Ricardo Matsumura and Cechinel, Cristian},
doi = {10.5753/cbie.sbie.2014.896},
issn = {2316-6533},
mendeley-groups = {Em portugu{\^{e}}s},
number = {Cbie},
pages = {896},
title = {{Predi{\c{c}}{\~{a}}o de Reprova{\c{c}}{\~{a}}o de Alunos de Educa{\c{c}}{\~{a}}o a Dist{\^{a}}ncia Utilizando Contagem de Intera{\c{c}}{\~{o}}es}},
url = {http://br-ie.org/pub/index.php/sbie/article/view/3026},
year = {2014}
}

@article{Ferreira2016,
author = {Ferreira, Jo{\~{a}}o Luiz Cavalcante},
file = {:C$\backslash$:/Users/lucas/AppData/Local/Mendeley Ltd./Mendeley Desktop/Downloaded/Ferreira - 2016 - Md-pread um modelo para predi{\c{c}}{\~{a}}o de reprova{\c{c}}{\~{a}}o de aprendizes na educa{\c{c}}{\~{a}}o a dist{\^{a}}ncia usando {\'{a}}rvore de decis{\~{a}}o.pdf:pdf},
mendeley-groups = {Em portugu{\^{e}}s},
title = {{Md-pread: um modelo para predi{\c{c}}{\~{a}}o de reprova{\c{c}}{\~{a}}o de aprendizes na educa{\c{c}}{\~{a}}o a dist{\^{a}}ncia usando {\'{a}}rvore de decis{\~{a}}o}},
year = {2016}
}

@inproceedings{holmboe:2001,
	title={Research agenda for computer science education},
	author={Holmboe, Christian and McIver, Linda and George, Carlisle},
	booktitle={13th Workshop of the Psychology of Programming Interest Group},
	volume={207223},
	year={2001}
}

@article{robins:2015,
	author = {Anthony Robins},
	title = {The ongoing challenges of computer science education research},
	journal = {Computer Science Education},
	volume = {25},
	number = {2},
	pages = {115-119},
	year = {2015},
	doi = {10.1080/08993408.2015.1034350},
	
	URL = { 
	http://dx.doi.org/10.1080/08993408.2015.1034350
	
	},
	eprint = { 
	http://dx.doi.org/10.1080/08993408.2015.1034350
	
	}	
}

%referências novas
@article{Blando2015,
    author = {Alessandra Blando},
    title = {Dificuldades acadêmicas que interferem na aprendizagem de estudantes universitários de engenharias e de ciências exatas : um estudo fundamentado na epistemologia genética},
    url = {https://lume.ufrgs.br/handle/10183/115722},
    urlaccessdate= {13 mar. 2019},
    year = {2015}
}
